<?xml version="1.0" encoding="utf-8"?>
<record xmlns="http://www.loc.gov/MARC21/slim" xmlns:xsi="http://www.w3.org/2001/XMLSchema-instance" xsi:schemaLocation="http://www.loc.gov/MARC21/slim http://www.loc.gov/standards/marcxml/schema/MARC21slim.xsd">
	<leader>     nam a22        4500</leader>
	<controlfield tag="001">1674736</controlfield>
	<controlfield tag="003">NIC</controlfield>
	<controlfield tag="006">m        d        </controlfield>
	<controlfield tag="007">cr cn |||m|||a</controlfield>
	<controlfield tag="008">150505s1909    le      o     000 0 ara d</controlfield>
	<datafield ind1=" " ind2=" " tag="040">
		<subfield code="a">NNU</subfield>
		<subfield code="b">eng</subfield>
		<subfield code="e">rda</subfield>
		<subfield code="c">NNU</subfield>
	</datafield>
	<datafield ind1=" " ind2=" " tag="043">
		<subfield code="a">a-le---</subfield>
		<subfield code="a">ma-----</subfield>
	</datafield>
	<datafield ind1="1" ind2=" " tag="100">
		<subfield code="6">880-01</subfield>
		<subfield code="a">Isḥāq, Adīb,</subfield>
		<subfield code="d">1856-1885.</subfield>
	</datafield>
	<datafield ind1="1" ind2="0" tag="240">
		<subfield code="6">880-02</subfield>
		<subfield code="a">Works.</subfield>
		<subfield code="k">Selections.</subfield>
		<subfield code="k">1909.</subfield>
		<subfield code="f">1909</subfield>
	</datafield>
	<datafield ind1="1" ind2="3" tag="245">
		<subfield code="6">880-03</subfield>
		<subfield code="a">al-Durar :</subfield>
		<subfield code="b">wa-hiya muntakhabāt al-ṭayyib al-dhikr, al-khālid al-athar, al-kātib wa-al-shāʻir wa-al-khaṭīb al-marḥūm Adīb Isḥaq /</subfield>
		<subfield code="c">[Adīb Isḥāq] ; jamaʻahā min āthārihi al-maṭbūʻah wa-al-makhṭūṭah ʻAwnī Isḥāq.</subfield>
	</datafield>
	<datafield ind1=" " ind2=" " tag="260">
		<subfield code="6">880-04</subfield>
		<subfield code="a">[Beirut] :</subfield>
		<subfield code="b">[publisher not identified],</subfield>
		<subfield code="c">[1909]</subfield>
		<subfield code="e">(Bayrūt :</subfield>
		<subfield code="f">al-Maṭbaʻah al-Adabīyah,</subfield>
		<subfield code="c">1909)</subfield>
	</datafield>
	<datafield ind1=" " ind2=" " tag="300">
		<subfield code="a">online resource (616 pages)</subfield>
	</datafield>
	<datafield ind1=" " ind2=" " tag="336">
		<subfield code="a">text</subfield>
		<subfield code="2">rdacontent</subfield>
	</datafield>
	<datafield ind1=" " ind2=" " tag="337">
		<subfield code="a">computer</subfield>
		<subfield code="2">rdamedia</subfield>
	</datafield>
	<datafield ind1=" " ind2=" " tag="338">
		<subfield code="a">online resource</subfield>
		<subfield code="2">rdacarrier</subfield>
	</datafield>
	<datafield ind1=" " ind2=" " tag="500">
		<subfield code="a">&quot;Taḥtawī ʻalá tarjamat ḥālihi wa-aqwāl al-jarāʼid fīhi wa-marāthī al-shuʻarāʼ wa-muntakhabāt khuṭabihi wa-rasāʼilihi wa-qaṣāʼidihi wa-riwāyātihi wa-maqālātihi al-siyāsīyah wa-al-adabīyah mimmā ṭubiʻa min qabl wa-mimmā lam yatayassar ṭabʻuhu illā baʻda iʻlān al-dustūr.&quot;</subfield>
	</datafield>
	<datafield ind1=" " ind2=" " tag="500">
		<subfield code="a">Part of the Arabic Collections Online (ACO) project, contributed by Cornell University Libraries.</subfield>
	</datafield>
	<datafield ind1=" " ind2=" " tag="533">
		<subfield code="a">Electronic reproduction.</subfield>
		<subfield code="b">New York, N.Y. :</subfield>
		<subfield code="c">New York University,</subfield>
		<subfield code="d">2015.</subfield>
		<subfield code="5">NNU</subfield>
	</datafield>
	<datafield ind1="1" ind2="0" tag="600">
		<subfield code="6">880-05</subfield>
		<subfield code="a">Isḥāq, Adīb,</subfield>
		<subfield code="d">1856-1885.</subfield>
	</datafield>
	<datafield ind1=" " ind2="0" tag="650">
		<subfield code="a">Politicians</subfield>
		<subfield code="z">Lebanon</subfield>
		<subfield code="v">Biography.</subfield>
	</datafield>
	<datafield ind1=" " ind2="0" tag="650">
		<subfield code="a">Journalism</subfield>
		<subfield code="z">Arab countries.</subfield>
	</datafield>
	<datafield ind1="1" ind2="7" tag="600">
		<subfield code="a">Isḥāq, Adīb,</subfield>
		<subfield code="d">1856-1885.</subfield>
		<subfield code="2">fast</subfield>
		<subfield code="0">(OCoLC)fst00315171</subfield>
	</datafield>
	<datafield ind1=" " ind2="7" tag="650">
		<subfield code="a">Journalism.</subfield>
		<subfield code="2">fast</subfield>
		<subfield code="0">(OCoLC)fst00984032</subfield>
	</datafield>
	<datafield ind1=" " ind2="7" tag="650">
		<subfield code="a">Politicians.</subfield>
		<subfield code="2">fast</subfield>
		<subfield code="0">(OCoLC)fst01069915</subfield>
	</datafield>
	<datafield ind1=" " ind2="7" tag="651">
		<subfield code="a">Arab countries.</subfield>
		<subfield code="2">fast</subfield>
		<subfield code="0">(OCoLC)fst01240128</subfield>
	</datafield>
	<datafield ind1=" " ind2="7" tag="651">
		<subfield code="a">Lebanon.</subfield>
		<subfield code="2">fast</subfield>
		<subfield code="0">(OCoLC)fst01206063</subfield>
	</datafield>
	<datafield ind1=" " ind2="7" tag="655">
		<subfield code="a">Biography.</subfield>
		<subfield code="2">fast</subfield>
		<subfield code="0">(OCoLC)fst01423686</subfield>
	</datafield>
	<datafield ind1="1" ind2=" " tag="700">
		<subfield code="6">880-06</subfield>
		<subfield code="a">Isḥāq, ʻAwnī.</subfield>
	</datafield>
	<datafield ind1="2" ind2=" " tag="710">
		<subfield code="a">Cornell University.</subfield>
		<subfield code="b">Libraries.</subfield>
	</datafield>
	<datafield ind1="0" ind2=" " tag="730">
		<subfield code="a">Arabic Collections Online.</subfield>
	</datafield>
	<datafield ind1="0" ind2="8" tag="776">
		<subfield code="i">Online version:</subfield>
		<subfield code="a">Isḥāq, Adīb, 1856-1885.</subfield>
		<subfield code="s">Selections. 1909.</subfield>
		<subfield code="t">Durar.</subfield>
		<subfield code="d">[Beirut : s.n., 1909] (Bayrūt : al-Maṭbaʻah al-Adabīyah, 1909)</subfield>
		<subfield code="w">(OCoLC)795680226</subfield>
	</datafield>
	<datafield ind1="0" ind2="8" tag="776">
		<subfield code="i">Print version:</subfield>
		<subfield code="a">Isḥāq, Adīb, 1856-1885.</subfield>
		<subfield code="t">al-Durar</subfield>
		<subfield code="w">(NIC)1674736</subfield>
		<subfield code="w">(OCoLC)60510312</subfield>
	</datafield>
	<datafield ind1="4" ind2="0" tag="856">
		<subfield code="u">http://hdl.handle.net/2333.1/4mw6mc47</subfield>
	</datafield>
	<datafield ind1="1" ind2=" " tag="880">
		<subfield code="6">100-01/r</subfield>
		<subfield code="a">اسحق، أديب،,</subfield>
		<subfield code="d">?1856-1885.</subfield>
	</datafield>
	<datafield ind1="1" ind2="0" tag="880">
		<subfield code="6">240-02/r</subfield>
		<subfield code="a">أعمال</subfield>
	</datafield>
	<datafield ind1="1" ind2="2" tag="880">
		<subfield code="6">245-03/r</subfield>
		<subfield code="a">الدرر :</subfield>
		<subfield code="b">وهي منتخبات الطيب الذكر، الخالد الأثر، الكاتب والشاعر والخطيب المرحوم أديب اسحق /</subfield>
		<subfield code="c">[أديب اسحق] ؛ جمعها من اثاره المطبوعة والمخطوطة عوني اسحق.</subfield>
	</datafield>
	<datafield ind1=" " ind2=" " tag="880">
		<subfield code="6">260-04/r</subfield>
		<subfield code="a">[برت] :</subfield>
		<subfield code="b">[publisher not identified],</subfield>
		<subfield code="c">[1909]</subfield>
		<subfield code="e">(بيروت :</subfield>
		<subfield code="f">المطبعة الادبية،</subfield>
		<subfield code="c">1909)</subfield>
	</datafield>
	<datafield ind1="1" ind2="0" tag="880">
		<subfield code="6">600-05/r</subfield>
		<subfield code="a">اسحاق، اديب،</subfield>
		<subfield code="d">1856-1885.</subfield>
	</datafield>
	<datafield ind1="1" ind2=" " tag="880">
		<subfield code="6">700-06/r</subfield>
		<subfield code="a">اسحق، عوني.</subfield>
	</datafield>
	<datafield ind1=" " ind2=" " tag="959">
		<subfield code="a">NNU</subfield>
		<subfield code="b">WEB</subfield>
		<subfield code="c">GENI</subfield>
		<subfield code="t">0</subfield>
		<subfield code="m">Electronic access</subfield>
		<subfield code="s">01</subfield>
	</datafield>
	<datafield ind1=" " ind2=" " tag="999">
		<subfield code="i">NIC_1674736</subfield>
		<subfield code="o">(OCoLC)ocm60510312</subfield>
		<subfield code="e">ok</subfield>
		<subfield code="s">cornell_aco000017</subfield>
	</datafield>
</record>
